<?xml version="1.0" encoding="UTF-8"?><collection xmlns="http://www.loc.gov/MARC21/slim"><record><leader>00467nam--2200181-i-4500</leader><controlfield tag="001">000017362</controlfield><controlfield tag="002">20161230</controlfield><controlfield tag="005">20170127225249</controlfield><controlfield tag="008">060222s1000------------r-----000-0-eng-d</controlfield><datafield ind1=" " ind2=" " tag="100"><subfield code="a">Cotaescu, Ion I</subfield></datafield><datafield ind1=" " ind2=" " tag="245"><subfield code="a">Gravity, Theoretical Physics And Computers</subfield></datafield><datafield ind1=" " ind2=" " tag="260"><subfield code="a">Timisoara</subfield><subfield code="b">Editura Mirton</subfield><subfield code="c">1997</subfield></datafield><datafield ind1=" " ind2=" " tag="300"><subfield code="a">112 p</subfield></datafield><datafield ind1=" " ind2=" " tag="490"><subfield code="a">Proceedings</subfield></datafield><datafield ind1=" " ind2=" " tag="653"><subfield code="a">973-578-</subfield></datafield><datafield ind1=" " ind2=" " tag="700"><subfield code="a">Vulcanov, Dumitru N</subfield></datafield><datafield ind1=" " ind2=" " tag="852"><subfield code="a">530.12(061.3)</subfield></datafield><datafield ind1=" " ind2=" " tag="CAT"><subfield code="a">SYS</subfield><subfield code="c">20170127</subfield><subfield code="h">225249</subfield></datafield></record></collection>